<record><leader>00000cas a22000007a 4500</leader><controlfield tag="001">10219094</controlfield><controlfield tag="008">831214d18641880pauwr ne      0    0eng d</controlfield><datafield ind1=" " ind2=" " tag="010"><subfield code="a">sn 83032222 </subfield></datafield><datafield ind1=" " ind2=" " tag="040"><subfield code="a">NPU</subfield><subfield code="b">eng</subfield><subfield code="c">NPU</subfield><subfield code="d">NPX</subfield><subfield code="d">UKMGB</subfield><subfield code="d">OCLCQ</subfield></datafield><datafield ind1="7" ind2=" " tag="016"><subfield code="a">013917888</subfield><subfield code="2">Uk</subfield></datafield><datafield ind1=" " ind2=" " tag="042"><subfield code="a">msc</subfield></datafield><datafield ind1="0" ind2=" " tag="130"><subfield code="a">Democratic sentinel (Kittanning, Pa.)</subfield></datafield><datafield ind1="1" ind2="4" tag="245"><subfield code="a">The Democratic sentinel.</subfield></datafield><datafield ind1=" " ind2=" " tag="260"><subfield code="a">Kittanning, Pa. :</subfield><subfield code="b">Jno. W. Rohrer</subfield></datafield><datafield ind1=" " ind2=" " tag="300"><subfield code="a">v. ;</subfield><subfield code="c">64 cm.</subfield></datafield><datafield ind1=" " ind2=" " tag="310"><subfield code="a">Weekly</subfield></datafield><datafield ind1="1" ind2=" " tag="362"><subfield code="a">Began in 1864; ceased in 1880.</subfield><subfield code="z">Cf. Salisbury, R. Pa. newspapers.</subfield></datafield><datafield ind1=" " ind2=" " tag="500"><subfield code="a">Democratic. Cf. Rowell, 1870.</subfield></datafield><datafield ind1=" " ind2=" " tag="500"><subfield code="a">Editor: John W. Rohrer, &lt;1876&gt;.</subfield></datafield><datafield ind1=" " ind2=" " tag="580"><subfield code="a">Continues: Mentor (Kittanning, Pa.). Cf. Smith, R.W. Hist. of Armstrong Co., Pa., 1883.</subfield></datafield><datafield ind1=" " ind2=" " tag="580"><subfield code="a">Continued by: Armstrong Democrat and sentinel. Cf. Gregory, W. Amer. newspapers.</subfield></datafield><datafield ind1=" " ind2=" " tag="588"><subfield code="a">Description based on: Vol. 9, no. 22 (Jan. 16, 1873).</subfield></datafield><datafield ind1=" " ind2=" " tag="752"><subfield code="a">United States</subfield><subfield code="b">Pennsylvania</subfield><subfield code="c">Armstrong</subfield><subfield code="d">Kittanning.</subfield></datafield><datafield ind1="1" ind2="0" tag="780"><subfield code="t">Mentor (Kittanning, Pa.)</subfield><subfield code="w">(DLC)sn 86053542</subfield></datafield><datafield ind1="1" ind2="0" tag="785"><subfield code="t">Armstrong Democrat and sentinel</subfield></datafield><datafield ind1="1" ind2=" " tag="029"><subfield code="a">AU@</subfield><subfield code="b">000025835946</subfield></datafield></record>